@misc{Conceito-2017,
    author = {Revista conceito},
    title = {Conceito de Aprendizagem},
    year = {2017},
    url = {http://conceito.de/aprendizagem},
    Urlaccessdate = {2017-04-01},
}

@misc{Debian2017,
    author = {Debian},
    title = {Debian o Sistema operacional Universal},
    year = 1993,
    url = {https://debian.org},
    Urlaccessdate = {2017-03-14}
}

@misc{Esp82662017,
    author = {Epressif},
    title = {Fabricante de chip SOC ESP8266},
    year = 2017,
    url = {https://espressif.com},
    Urlaccessdate = {2017-03-14}
}

@misc{Mqtt2017,
    author = {IBM},
    title = {Protocolo de comunicação para IoT},
    year = 2017,
    url = {http://mqtt.org},
    Urlaccessdate = {2017-03-14}
}

@misc{NodeJS2017,
    author = {NodeJS},
    title = {JavaScript server side},
    year = 2017,
    url = {https://nodejs.org},
    Urlaccessdate = {2017-03-14}
}

@misc{RaspberryPI2017,
    author = {RaspberryPI},
    title = {Computador miniaturizado},
    year = 2017,
    url = {http://www.raspberrypi.org},
    Urlaccessdate = {2017-03-14}
}

@misc{Sqlite2017,
    author = {Sqlite},
    title = {Embedded database},
    year = 2017,
    url = {https://www.sqlite.org},
    Urlaccessdate = {2017-03-14}
}

@misc{Arduino2017,
    author = {Arduino},
    title = {Framework para computação Física},
    year = 2017,
    url = {https://www.arduino.cc},
    Urlaccessdate = {2017-03-14}
}

@misc{ScrumSolo2017,
    author = {ScrumSolo},
    title = {Framework para controle e desenvolvimento de projetos ágeis},
    year = 2017,
    url = {https://scrumsolo.wordpress.com},
    Urlaccessdate = {2017-03-14}
}

@misc{PSP2017,
    author = {ScrumSolo},
    title = {Processo de melhoria de trabalho},
    year = 2009,
    url = {http://resources.sei.cmu.edu/asset_files/SpecialReport/2009_003_001_15029.pdf},
    Urlaccessdate = {2017-03-14}
}

@misc{ESPRUINO2017,
    author = {Espruino},
    title = {Espruino Interpretador JavaScript para Embarcados},
    year = 2017,
    url = {https://www.espruino.com},
    Urlaccessdate = {2017-04-29}
}

@misc{MQTT-DESC2017,
    author = {Random Nerd Tutorials},
    title = {O que é MQTT},
    year = 2017,
    url = {https://randomnerdtutorials.com/what-is-mqtt-and-how-it-works/},
    Urlaccessdate = {2017-04-29}
}

@misc{ESPHELPER,
    author = {ESPHelper},
    title = {Biblioteca Arduíno para uso com ESP8266},
    year = 2017,
    url = {https://github.com/ItKindaWorks/ESPHelper},
    Urlaccessdate = {2017-05-05}
}

@misc{MOSQUITTO,
    author = {Mosquitto},
    title = {Broker opensource para o protocolo MQTT},
    year = 2017,
    url = {https://mosquitto.org/},
    Urlaccessdate = {2017-05-05}
}


@misc{MERCADO,
    author = {AURESIDE},
    title = {Sobre o mercado de automação em 2016/17},
    year = 2017,
    url = {http://plataformaconectar.blogspot.com.br/2017/05/o-mercado-de-automacao-residencial.html},
    Urlaccessdate = {2017-05-20}
}

@misc{IBGE2017,
    author = {IBGE},
    title = {Presenca dos produtos eletroeletrônicos e eletrodomésticos no Brasil},
    year = 2017,
    url = {http://www.ibge.gov.br/home/estatistica/populacao/trabalhoerendimento/pnad2015/brasil_defaultxls.shtm},
    Urlaccessdate = {2017-05-28}
}

@misc{OQUEARDUINO,
    author = {EMBARCADOS},
    title = {O que e Arduino},
    year = 2017,
    url = {https://www.embarcados.com.br/arduino/},
    Urlaccessdate = {2017-06-03}
}

@misc{DIGITALTRENDS,
    author = {IHM},
    title = {Controle remoto},
    year = 2017,
    url = {https://www.digitaltrends.com/home-theater/how-mobile-devices-spell-certain-death-for-universal-remotes/},
    Urlaccessdate = {2017-08-22}
}

@misc{GEANY2017,
    author = {Geany},
    title = {Geany IDE},
    year = 2017,
    url = {https://www.geany.org/},
    Urlaccessdate = {2017-08-27}
}

@misc{GIT2017,
    author = {Git},
    title = {Git SCM},
    year = 2017,
    url = {https://git-scm.com/},
    Urlaccessdate = {2017-08-27}
}

@misc{CRAWLER,
    author = {Sualeh},
    title = {SchemaCrawler},
    year = 2017,
    url = {http://sualeh.github.io/SchemaCrawler/},
    Urlaccessdate = {2017-08-29}
}
@misc{GLIFFY,
    author = {Gliffy},
    title = {Gliffy},
    year = 2017,
    url = {https://www.gliffy.com},
    Urlaccessdate = {2017-09-02}
}

@book{rest-simples,
    author = {Saudate, Alexandre},
    title = {Construa API's inteligentes de maneira simples},
    year = {2016},
    publisher = {Casa do Código},
    address = {Sao Paulo, SP, BR},
} 

@misc{DOMOTICA,
    author = {Universidade Estadual de Maringa},
    title = {O que é domótica},
    year = 2017,
    url = {http://www.din.uem.br/ia/intelige/domotica/int.htm},
    Urlaccessdate = {2017-11-14}
}

@misc{PYTHON,
    author = {Python Software Foundation},
    title = {Sobre Python},
    year = 2017,
    url = {https://www.python.org/about/},
    Urlaccessdate = {2017-11-14}
}

@misc{SQLITE,
    author = {Sqlite},
    title = {Sobre Sqlite},
    year = 2017,
    url = {https://pt.wikipedia.org/wiki/SQLite},
    Urlaccessdate = {2017-11-14}
}

@misc{VUEJS,
    author = {VueJS},
    title = {Sobre vuejs},
    year = 2017,
    url = {https://vuejs.org/},
    Urlaccessdate = {2017-11-14}
}

@misc{SKELETON,
    author = {Skeleton},
    title = {Sobre skeleton},
    year = 2017,
    url = {http://getskeleton.com/},
    Urlaccessdate = {2017-11-14}
}
